@inproceedings{een2003extensible,
  title={An extensible SAT-solver},
  author={E{\'e}n, Niklas and S{\"o}rensson, Niklas},
  booktitle={International conference on theory and applications of satisfiability testing},
  pages={502--518},
  year={2003},
  organization={Springer}
}
@article{sorensson2005minisat,
  title={Minisat v1. 13-a sat solver with conflict-clause minimization},
  author={Sorensson, Niklas and Een, Niklas},
  journal={SAT},
  volume={2005},
  number={53},
  pages={1--2},
  year={2005}
}
@article{baglin2003corot,
  title={COROT: A minisat for pionnier science, asteroseismology and planets finding},
  author={Baglin, Annie and CoRoT Team and others},
  journal={Advances in Space Research},
  volume={31},
  number={2},
  pages={345--349},
  year={2003},
  publisher={Elsevier}
}
@article{wheeler2013minisat,
  title={MiniSAT user guide: how to use the MiniSAT SAT solver},
  author={Wheeler, DA},
  journal={Wonderings of satgeek,[Online]. Available: http://www. dwheeler. com/essays/minisat-user-guide. html.[Accessed 15 January 2015]},
  year={2013}
}
@misc{minisatgit,
  url       = {https://github.com/niklasso/minisat}
}
@article{kibria2006actin,
  title={Actin-Activity Initialization},
  author={Kibria, Raihan H},
  year={2006},
  publisher={Citeseer}
}
@misc{intro,
  author    = {University of Nebraska},
  url       = {https://cse.unl.edu/ choueiry/S18-235H/files/SATslides03.pdf}
}

@misc{info,
  url       = {ttps://www.stackage.org/package/minisat-solver}
}

@inproceedings{een2003extensible,
  title={An extensible SAT-solver},
  author={E{\'e}n, Niklas and S{\"o}rensson, Niklas},
  booktitle={International conference on theory and applications of satisfiability testing},
  pages={502--518},
  year={2003},
  organization={Springer}
}
@article{sorensson2010minisat,
  title={Minisat 2.2 and minisat++ 1.1},
  author={S{\"o}rensson, Niklas},
  journal={A short description in SAT Race},
  volume={2010},
  year={2010},
  publisher={Citeseer}
}
